@ARTICLE{Hagenau:2013,
title = "Automated news reading: Stock price prediction based on financial news using context-capturing features ",
journal = "Decision Support Systems ",
volume = "55",
number = "3",
pages = "685 - 697",
year = "2013",
note = "",
issn = "0167-9236",
doi = "http://dx.doi.org/10.1016/j.dss.2013.02.006",
url = "http://www.sciencedirect.com/science/article/pii/S0167923613000651",
author = "Michael Hagenau and Michael Liebmann and Dirk Neumann",
keywords = "Text mining",
keywords = "Financial news",
keywords = "Stock price prediction",
keywords = "Decision support "
}

@INPROCEEDINGS{Beyer:1999,
    author = {Kevin Beyer and Jonathan Goldstein and Raghu Ramakrishnan and Uri Shaft},
    title = {When Is "Nearest Neighbor" Meaningful?},
    booktitle = {In Int. Conf. on Database Theory},
    year = {1999},
    pages = {217--235}
}

@ARTICLE{Forman:2003,
    author = {George Forman and Isabelle Guyon and André Elisseeff},
    title = {An extensive empirical study of feature selection metrics for text classification},
    journal = {Journal of Machine Learning Research},
    year = {2003},
    volume = {3},
    pages = {1289--1305}
}

@article{Gonzalez:1985,
title = "Clustering to minimize the maximum intercluster distance ",
journal = "Theoretical Computer Science ",
volume = "38",
number = "0",
pages = "293 - 306",
year = "1985",
note = "",
issn = "0304-3975",
doi = "http://dx.doi.org/10.1016/0304-3975(85)90224-5",
url = "http://www.sciencedirect.com/science/article/pii/0304397585902245",
author = "Teofilo F. Gonzalez",
keywords = "Algorithms",
keywords = "clustering",
keywords = "NP-completeness",
keywords = "approximation algorithms",
keywords = "minimizing the maximum intercluster distance "
}

@incollection{Masud:2010,
year={2010},
isbn={978-3-642-15882-7},
booktitle={Machine Learning and Knowledge Discovery in Databases},
volume={6322},
series={Lecture Notes in Computer Science},
editor={Balcázar, JoséLuis and Bonchi, Francesco and Gionis, Aristides and Sebag, Michèle},
doi={10.1007/978-3-642-15883-4_22},
title={Classification and Novel Class Detection of Data Streams in a Dynamic Feature Space},
url={http://dx.doi.org/10.1007/978-3-642-15883-4_22},
publisher={Springer Berlin Heidelberg},
author={Masud, MohammadM. and Chen, Qing and Gao, Jing and Khan, Latifur and Han, Jiawei and Thuraisingham, Bhavani},
pages={337-352}
}

@article{Aggarwal:2005,
year={2005},
issn={1384-5810},
journal={Data Mining and Knowledge Discovery},
volume={10},
number={3},
doi={10.1007/s10618-005-0645-7},
title={On High Dimensional Projected Clustering of Data Streams},
url={http://dx.doi.org/10.1007/s10618-005-0645-7},
publisher={Kluwer Academic Publishers},
keywords={high dimensional; projected clustering; data streams},
author={Aggarwal, CharuC. and Han, Jiawei and Wang, Jianyong and Yu, PhilipS.},
pages={251-273},
language={English}
}


@article{Aggarwal:1999,
 author = {Aggarwal, Charu C. and Wolf, Joel L. and Yu, Philip S. and Procopiuc, Cecilia and Park, Jong Soo},
 title = {Fast Algorithms for Projected Clustering},
 journal = {SIGMOD Rec.},
 issue_date = {June 1999},
 volume = {28},
 number = {2},
 month = jun,
 year = {1999},
 issn = {0163-5808},
 pages = {61--72},
 numpages = {12},
 url = {http://doi.acm.org/10.1145/304181.304188},
 doi = {10.1145/304181.304188},
 acmid = {304188},
 publisher = {ACM},
 address = {New York, NY, USA},
} 

@ARTICLE{Li:2008,
author={Yanjun Li and Congnan Luo and Chung, S.M.},
journal={Knowledge and Data Engineering, IEEE Transactions on},
title={Text Clustering with Feature Selection by Using Statistical Data},
year={2008},
month={May},
volume={20},
number={5},
pages={641-652},
keywords={pattern clustering;statistical analysis;text analysis;CHIR;K-means clustering;chi2 statistic;statistical data;supervised feature selection;text categorization;text clustering;Chi-square statistics;Feature selection;Performance analysis;Text clustering;Text mining},
doi={10.1109/TKDE.2007.190740},
ISSN={1041-4347},}

@article{Basheer:2000,
title = "Artificial neural networks: fundamentals, computing, design, and application ",
journal = "Journal of Microbiological Methods ",
volume = "43",
number = "1",
pages = "3 - 31",
year = "2000",
note = "Neural Computting in Micrbiology ",
issn = "0167-7012",
doi = "http://dx.doi.org/10.1016/S0167-7012(00)00201-3",
url = "http://www.sciencedirect.com/science/article/pii/S0167701200002013",
author = "I.A Basheer and M Hajmeer",
keywords = "Artificial neural networks",
keywords = "Backpropagation",
keywords = "Growth curves",
keywords = "History",
keywords = "Modeling",
keywords = "S. flexneri "
}

@article{Schumaker:2009,
 author = {Schumaker, Robert P. and Chen, Hsinchun},
 title = {Textual Analysis of Stock Market Prediction Using Breaking Financial News: The AZFin Text System},
 journal = {ACM Trans. Inf. Syst.},
 issue_date = {February 2009},
 volume = {27},
 number = {2},
 month = mar,
 year = {2009},
 issn = {1046-8188},
 pages = {12:1--12:19},
 articleno = {12},
 numpages = {19},
 url = {http://doi.acm.org/10.1145/1462198.1462204},
 doi = {10.1145/1462198.1462204},
 acmid = {1462204},
 publisher = {ACM},
 address = {New York, NY, USA},
 keywords = {SVM, prediction, stock market},
} 

@incollection{baldwin:2010,
    author = {Timothy Baldwin and Su Nam Kim},
    title = {Multiword Expressions},
    booktitle = {Handbook of Natural Language Processing, Second Edition},
    editor = {Nitin Indurkhya and Fred J. Damerau},
    publisher = {CRC Press, Taylor and Francis Group},
    address = {Boca Raton, FL},
    year = {2010},
    note = {ISBN 978-1420085921}
  }
  
@book{Han:2005,
 author = {Han, Jiawei},
 title = {Data Mining: Concepts and Techniques},
 year = {2005},
 isbn = {1558609016},
 publisher = {Morgan Kaufmann Publishers Inc.},
 address = {San Francisco, CA, USA},
} 

@inproceedings{ghosh:2010,
  title={Determinants Of BSE SENSEX: A Factor Analysis Approach},
  author={Ghosh, Arijit and Roy, Samrat and Bandyopadhyay, Gautam and Choudhuri, Kripasindhu},
  booktitle={International Conference of Business and Applied Sciences Academy at Bloomsburg University, Bloomsburg, Pennsylvania, USA},
  year={2010}
}  

@book{Bird:2009:NLP:1717171,
 author = {Bird, Steven and Klein, Ewan and Loper, Edward},
 title = {Natural Language Processing with Python},
 year = {2009},
 isbn = {0596516495, 9780596516499},
 edition = {1st},
 publisher = {O'Reilly Media, Inc.},
} 

@article{porter1980algorithm,
  title={An algorithm for suffix stripping},
  author={Porter, Martin F},
  journal={Program: electronic library and information systems},
  volume={14},
  number={3},
  pages={130--137},
  year={1980},
  publisher={MCB UP Ltd}
}

@misc{ wiki:2014,
   author = "Wikipedia",
   title = "Forecasting --- Wikipedia{,} The Free Encyclopedia",
   year = "2014",
   url = "\url{http://en.wikipedia.org/w/index.php?title=Forecasting&oldid=597513339}",
 }
 
  @misc{ wiki:20141,
   author = "Wikipedia",
   title = "Efficient-market hypothesis --- Wikipedia{,} The Free Encyclopedia",
   year = "2014",
   url = "http://en.wikipedia.org/w/index.php?title=Efficient-market_hypothesis&oldid=605037347",
 }
 
  @misc{ wiki:20142,
   author = "Wikipedia",
   title = "Random walk hypothesis --- Wikipedia{,} The Free Encyclopedia",
   year = "2014",
   url = "http://en.wikipedia.org/w/index.php?title=Random_walk_hypothesis&oldid=599468127",
 }
 
 @misc{ bse:20,
   title = "Monthly Reports | World Federation of Exchange",
   year = "2012",
   howpublished = {\url{http://www.world-exchanges.org/statistics/monthly-reports}},
 }
 
  @misc{ wiki:20143,
   author = "Wikipedia",
   title = "Bombay Stock Exchange --- Wikipedia{,} The Free Encyclopedia",
   year = "2014",
   url = "http://en.wikipedia.org/w/index.php?title=Bombay_Stock_Exchange&oldid=604471602",
 }
 
 @Article{RePEc:eee:pacfin:v:9:y:2001:i:3:p:195-217,
  author={Chan, Yue-cheong and Chui, Andy C. W. and Kwok, Chuck C. Y.},
  title={{The impact of salient political and economic news on the trading activity}},
  journal={Pacific-Basin Finance Journal},
  year=2001,
  volume={9},
  number={3},
  pages={195-217},
  month={June},
  keywords={},
  abstract={No abstract is available for this item.},
  url={http://ideas.repec.org/a/eee/pacfin/v9y2001i3p195-217.html}
}

@article{camerer1991information,
  title={Information mirages in experimental asset markets},
  author={Camerer, Colin and Weigelt, Keith},
  journal={Journal of Business},
  pages={463--493},
  year={1991},
  publisher={JSTOR}
}

@inproceedings{conf/wirtschaftsinformatik/GrothM09,
  added-at = {2012-02-27T00:00:00.000+0100},
  author = {Groth, Sven S. and Muntermann, Jan},
  biburl = {http://www.bibsonomy.org/bibtex/2aa18c2315701e7ab422defea24e65fd5/dblp},
  booktitle = {Wirtschaftsinformatik (2)},
  crossref = {conf/wirtschaftsinformatik/2009-2},
  editor = {Hansen, Hans Robert and Karagiannis, Dimitris and Fill, Hans-Georg},
  ee = {http://aisel.aisnet.org/wi2009/107},
  interhash = {c32d7ed695f0d7e571b2e500e4c46d2c},
  intrahash = {aa18c2315701e7ab422defea24e65fd5},
  isbn = {978-3-85403-247-2},
  keywords = {dblp},
  pages = {275-286},
  publisher = {Österreichische Computer Gesellschaft},
  series = {books@ocg.at},
  timestamp = {2012-02-27T00:00:00.000+0100},
  title = {Supporting Investment Management Processes with Machine Learning Techniques.},
  url = {http://dblp.uni-trier.de/db/conf/wirtschaftsinformatik/wi2009-2.html#GrothM09},
  volume = 247,
  year = 2009
}

@INPROCEEDINGS{725072,
author={Wuthrich, B. and Cho, V. and Leung, S. and Permunetilleke, D. and Sankaran, K. and Zhang, J.},
booktitle={Systems, Man, and Cybernetics, 1998. 1998 IEEE International Conference on},
title={Daily stock market forecast from textual web data},
year={1998},
month={Oct},
volume={3},
pages={2720-2725 vol.3},
keywords={Internet;data mining;financial data processing;forecasting theory;real-time systems;stock markets;time series;Internet;Web site;daily forecasting;data mining;keyword tuple counting;real-time systems;stock market;textual web data;time series;Asia;Citation analysis;Data mining;Economic forecasting;Europe;Face;Humans;Information analysis;Stock markets;Web sites},
doi={10.1109/ICSMC.1998.725072},
ISSN={1062-922X},}

﻿@article {JOAR:JOAR382,
author = {LI, FENG},
title = {The Information Content of Forward-Looking Statements in Corporate Filings—A Naïve Bayesian Machine Learning Approach},
journal = {Journal of Accounting Research},
volume = {48},
number = {5},
publisher = {Blackwell Publishing Inc},
issn = {1475-679X},
url = {http://dx.doi.org/10.1111/j.1475-679X.2010.00382.x},
doi = {10.1111/j.1475-679X.2010.00382.x},
pages = {1049--1102},
year = {2010},
}

@article{doi:10.1287/mnsc.1070.0704,
author = {Das, Sanjiv R. and Chen, Mike Y.},
title = {Yahoo! for Amazon: Sentiment Extraction from Small Talk on the Web},
journal = {Management Science},
volume = {53},
number = {9},
pages = {1375-1388},
year = {2007},
doi = {10.1287/mnsc.1070.0704},

URL = {http://pubsonline.informs.org/doi/abs/10.1287/mnsc.1070.0704},
eprint = {http://pubsonline.informs.org/doi/pdf/10.1287/mnsc.1070.0704}
}

﻿@article {JOFI:JOFI1362,
author = {TETLOCK, PAUL C. and SAAR-TSECHANSKY, MAYTAL and MACSKASSY, SOFUS},
title = {More Than Words: Quantifying Language to Measure Firms' Fundamentals},
journal = {The Journal of Finance},
volume = {63},
number = {3},
publisher = {Blackwell Publishing Inc},
issn = {1540-6261},
url = {http://dx.doi.org/10.1111/j.1540-6261.2008.01362.x},
doi = {10.1111/j.1540-6261.2008.01362.x},
pages = {1437--1467},
year = {2008},
}

@article{groth2011intraday,
  title={An intraday market risk management approach based on textual analysis},
  author={Groth, Sven S and Muntermann, Jan},
  journal={Decision Support Systems},
  volume={50},
  number={4},
  pages={680--691},
  year={2011},
  publisher={Elsevier}
}

@incollection{butler:2009,
year={2009},
isbn={978-3-642-01817-6},
booktitle={Advances in Artificial Intelligence},
volume={5549},
series={Lecture Notes in Computer Science},
editor={Gao, Yong and Japkowicz, Nathalie},
doi={10.1007/978-3-642-01818-3_7},
title={Financial Forecasting Using Character N-Gram Analysis and Readability Scores of Annual Reports},
url={http://dx.doi.org/10.1007/978-3-642-01818-3_7},
publisher={Springer Berlin Heidelberg},
keywords={automatic financial forecasting; n-grams; CNG; readability scores; support vector machines},
author={Butler, Matthew and Kešelj, Vlado},
pages={39-51}
}

@INPROCEEDINGS{1265201,
author={Mittermayer, M.-A.},
booktitle={System Sciences, 2004. Proceedings of the 37th Annual Hawaii International Conference on},
title={Forecasting Intraday stock price trends with text mining techniques},
year={2004},
month={Jan},
pages={10 pp.-},
keywords={classification;data mining;electronic trading;forecasting theory;information retrieval;stock markets;text analysis;NewsCATS;information retrieval;news categorization and trading system;press release;stock price trend forecasting;text mining;text preprocessing;trading strategy;Board of Directors;Computer science;Computer security;Data mining;Information retrieval;Information security;Information systems;Mathematics;Retirement;Text mining},
doi={10.1109/HICSS.2004.1265201},}

@article{antweiler2004all,
  title={Is all that talk just noise? The information content of internet stock message boards},
  author={Antweiler, Werner and Frank, Murray Z},
  journal={The Journal of Finance},
  volume={59},
  number={3},
  pages={1259--1294},
  year={2004},
  publisher={Wiley Online Library}
}

@inproceedings{lavrenko2000language,
  title={Language models for financial news recommendation},
  author={Lavrenko, Victor and Schmill, Matt and Lawrie, Dawn and Ogilvie, Paul and Jensen, David and Allan, James},
  booktitle={Proceedings of the ninth international conference on Information and knowledge management},
  pages={389--396},
  year={2000},
  organization={ACM}
}

@misc{ wiki:20144,
   author = "Wikipedia",
   title = "BSE SENSEX --- Wikipedia{,} The Free Encyclopedia",
   year = "2014",
   url = "http://en.wikipedia.org/w/index.php?title=BSE_SENSEX&oldid=606004804",
 }
 
  @misc{ wiki:20145,
   author = "Wikipedia",
   title = "Vector space model --- Wikipedia{,} The Free Encyclopedia",
   year = "2014",
   url = "http://en.wikipedia.org/w/index.php?title=Vector_space_model&oldid=598428351",
 }
 
 @misc{ wiki:20146,
   author = "Wikipedia",
   title = "Concept drift --- Wikipedia{,} The Free Encyclopedia",
   year = "2014",
   url = "http://en.wikipedia.org/w/index.php?title=Concept_drift&oldid=596960061",
 }
 
  @misc{ wiki:20147,
   author = "Wikipedia",
   title = "Backpropagation --- Wikipedia{,} The Free Encyclopedia",
   year = "2014",
   url = "http://en.wikipedia.org/w/index.php?title=Backpropagation&oldid=605522756",
 }
 
 ﻿@article {kohara:1997,
author = {KOHARA, KAZUHIRO and ISHIKAWA, TSUTOMU and FUKUHARA, YOSHIMI and NAKAMURA, YUKIHIRO},
title = {Stock Price Prediction Using Prior Knowledge and Neural Networks},
journal = {Intelligent Systems in Accounting, Finance and Management},
volume = {6},
number = {1},
publisher = {John Wiley & Sons, Ltd.},
issn = {1099-1174},
doi = {10.1002/(SICI)1099-1174(199703)6:1<11::AID-ISAF115>3.0.CO;2-3},
pages = {11--22},
year = {1997},
}

@misc{bsesensex,
   title = "SENSEX, BSE Sensex, Sensex Index, Live Sensex Index, Sensex Stocks",
   howpublished = {\url{http://www.moneycontrol.com/sensex/bse/sensex-live}},
 }
 
 @misc{exchange,
   title = "USD/INR - Yahoo! India Finance",
   howpublished = {\url{http://in.finance.yahoo.com/q?s=USDINR=X}},
 }
 
 @misc{oil,
   title = "CRUDEOIL Price/Rate Live: CRUDEOIL Rate/Price in India",
   howpublished = {\url{http://www.moneycontrol.com/commodity/crudeoil-price.html}},
 }
 
 @misc{gold,
    title = "Gold Rate Today, Gold Price in India",
    howpublished = {\url{http://www.moneycontrol.com/commodity/gold-price.html}},
 }
 
 @misc{news,
    title = "Latest Business News Headlines | The Economic Times",
    howpublished = {\url{http://economictimes.indiatimes.com/etlatestnews.cms}},
}

 @misc{bse_trade,
    title = "Equity Trading | Indian Equity Market | BSE",
    howpublished = {\url{http://www.bseindia.com/markets/equity/EQReports/tra_trading.aspx?expandable=6}},
}
